
%@article{ManualBib_TCC:Rafols15,
%  author    = {Carla R\'afols},
%  title     = {Stretching Groth-Sahai: NIZK Proofs of Partial Satisfiability},
%  journal   = {To appear in TCC 2015},
%  volume    = {},
%  year      = {},
%  pages     = {},
%  ee        = {},
%  bibsource = {}
%}

%@article{ManualBib_EC:KilWee15,
%  author    = {Eike Kiltz and Hoeteck Wee},
%  title     = {Quasi-Adaptive NIZK for Linear Subspaces Revisited},
%  journal   = {To appear in Eurocrypt 2015},
%  volume    = {},
%  year      = {},
%  pages     = {},
%  ee        = {},
%  bibsource = {}
%}

Carla's entry:
article{ManualBib:Groth10,
  author    = {Jens Groth},
  title     = {Homomorphic Trapdoor Commitments to Group Elements},
  journal   = { },
  volume    = { },
  number    = { },
  year      = {2010},
  pages     = { },
}
