@article{SIAM:GroSah12,
  author    = {Jens Groth and
               Amit Sahai},
  title     = {Efficient Noninteractive Proof Systems for Bilinear Groups},
  journal   = {{SIAM} J. Comput.},
  volume    = {41},
  number    = {5},
  pages     = {1193--1232},
  year      = {2012},
  url       = {http://dx.doi.org/10.1137/080725386},
  doi       = {10.1137/080725386},
  timestamp = {Fri, 07 Dec 2012 12:09:21 +0100},
  biburl    = {http://dblp.uni-trier.de/rec/bib/journals/siamcomp/GrothS12},
  bibsource = {dblp computer science bibliography, http://dblp.org}
}

@misc{EPRINT:FauLip15,
    author = {Prastudy Fauzi and Helger Lipmaa},
    title = {Efficient Culpably Sound NIZK Shuffle Argument without Random Oracles},
    howpublished = {Cryptology ePrint Archive, Report 2015/1112},
    year = {2015},
    note = {\url{http://eprint.iacr.org/}},
}


@Article{Chaum81,
  author =  "D. Chaum",
  title =   "Untraceable electronic mail, return addresses, and
         digital pseudonyms",
  journal = "Communications of the ACM",
  volume =  "24",
  month =   feb,
  year =    "1981",
  pages =   "84--88",
}
%Cambiar a la de AC
@misc{EPRINT:GonHevRaf15,
    author = {Alonso González and Alejandro Hevia and Carla Ràfols},
    title = {QA-NIZK Arguments in Asymmetric Groups: New Tools and New Constructions},
    howpublished = {Cryptology ePrint Archive, Report 2015/910},
    year = {2015},
    note = {\url{http://eprint.iacr.org/}},
}

@inproceedings{ManualAC:Lipmaa03,
  author    = {Helger Lipmaa},
  title     = {On Diophantine Complexity and Statistical Zero-Knowledge Arguments},
  booktitle = {Advances in Cryptology - {ASIACRYPT} 2003, 9th International Conference
               on the Theory and Application of Cryptology and Information Security,
               Taipei, Taiwan, November 30 - December 4, 2003, Proceedings},
  pages     = {398--415},
  year      = {2003},
  url       = {http://dx.doi.org/10.1007/978-3-540-40061-5_26},
  doi       = {10.1007/978-3-540-40061-5_26},
  timestamp = {Wed, 06 Jul 2011 21:19:49 +0200},
  biburl    = {http://dblp.uni-trier.de/rec/bib/conf/asiacrypt/Lipmaa03},
  bibsource = {dblp computer science bibliography, http://dblp.org}
}

@misc{AuxMat,
title = "QA-NIZK Arguments in Asymmetric Groups: New Tools and New Constructions (Supplementary Material)",
author = "Anonymous",
year = 2015,
}


@misc{cryptoeprint:2007:074,
    author = {Hovav Shacham},
    title = {A Cramer-Shoup Encryption Scheme from the Linear Assumption and from Progressively Weaker Linear Variants},
    howpublished = {Cryptology ePrint Archive, Report 2007/074},
    year = {2007},
    note = {\url{http://eprint.iacr.org/}},
}

@article{damgard2002sigma,
  title={On $\Sigma$-protocols},
  author={Damgard, Ivan},
  journal={Lecture notes for CPT},
  year={2002}
}

@article{ManualBib_STOC:BluFelMic88,
  author    = {Manuel Blum and Paul Feldman and Silvio Micali},
  title     = {Non-interactive zero-knowledge and its applications},
  journal   = {STOC'88},
  year      = {1988},
  pages     = {103-112},
}




@article{DBLP:journals/iacr/LewkoM13,
  author    = {Allison B. Lewko and
               Sarah Meiklejohn},
  title     = {A Profitable Sub-Prime Loan: Obtaining the Advantages of
               Composite-Order in Prime-Order Bilinear Groups},
  journal   = {IACR Cryptology ePrint Archive},
  volume    = {2013},
  year      = {2013},
  pages     = {300},
  ee        = {http://eprint.iacr.org/2013/300},
  bibsource = {DBLP, http://dblp.uni-trier.de}
}

@article{DBLP:journals/iacr/Shacham07,
  author    = {Hovav Shacham},
  title     = {A {Cramer}-{Shoup} Encryption Scheme from the Linear Assumption
               and from Progressively Weaker Linear Variants},
  journal   = {IACR Cryptology ePrint Archive},
  volume    = {2007},
  year      = {2007},
  pages     = {74},
  ee        = {http://eprint.iacr.org/2007/074},
  bibsource = {DBLP, http://dblp.uni-trier.de}
}

@inproceedings{DBLP:conf/eurocrypt/GargGH13,
  author    = {Sanjam Garg and
               Craig Gentry and
               Shai Halevi},
  title     = {Candidate Multilinear Maps from Ideal Lattices},
  booktitle = {EUROCRYPT},
  year      = {2013},
  pages     = {1-17},
  ee        = {http://dx.doi.org/10.1007/978-3-642-38348-9_1},
  crossref  = {DBLP:conf/eurocrypt/2013},
  bibsource = {DBLP, http://dblp.uni-trier.de}
}

@proceedings{DBLP:conf/eurocrypt/2013,
  editor    = {Thomas Johansson and
               Phong Q. Nguyen},
  title     = {Advances in Cryptology - EUROCRYPT 2013, 32nd Annual International
               Conference on the Theory and Applications of Cryptographic
               Techniques, Athens, Greece, May 26-30, 2013. Proceedings},
  booktitle = {EUROCRYPT},
  publisher = {Springer},
  series    = {Lecture Notes in Computer Science},
  volume    = {7881},
  year      = {2013},
  isbn      = {978-3-642-38347-2, 978-3-642-38348-9},
  ee        = {http://dx.doi.org/10.1007/978-3-642-38348-9},
  bibsource = {DBLP, http://dblp.uni-trier.de}
}

@inproceedings{Karatsuba,
        author = {Karatsuba, A. and Ofman, Yu.},
        title = {Multiplication of Many-Digital Numbers by Automatic Computers},
        booktitle = {USSR Academy of Sciences},
        year = {1962},
        volume = {145},
        pages= {293--294}
}

@misc{cryptoeprint:2006:224,
    author = {Andr\'{e} Weimerskirch and Christof Paar},
    title = {Generalizations of the {Karatsuba} Algorithm for Efficient Implementations},
    howpublished = {Cryptology ePrint Archive, Report 2006/224},
    year = {2006},
    note = {\url{http://eprint.iacr.org/}},
}


@InProceedings{ZanoniICTAMI,
  title     = {Some {T}oom-{C}ook methods for Even Long Integers},
  author    = {Alberto Zanoni},
  booktitle = {Proceedings of the International Conference on Theory and 
Applications of Mathematics and Informatics, ICTAMI 2009},
  year      = {2009},
  month     = {September},
  pages     = {807--828},
  OPTpages  = {22},
  ee        = {http://bodrato.it/papers/zanoni.html#CIVV2009},
  crossref={ICTAMI2009}
}

@InProceedings{ZanoniICTAMI2,
  title     = {Iterative {Karatsuba} method for multivariate polynomial 
multiplication},
  author    = {Alberto Zanoni},
  booktitle = {Proceedings of the International Conference on Theory and 
Applications of Mathematics and Informatics, ICTAMI 2009},
  year      = {2009},
  month     = {September},
  pages     = {829--843},
  OPTpages  = {15},
  ee        = {http://bodrato.it/papers/zanoni.html#CIVV2009b},
  crossref={ICTAMI2009}
}

@proceedings{ICTAMI2009,
  editor    = {Daniel Breaz, Nicoleta Breaz, Dorin Wainberg},
  location  = {Alba Iulia, Romania},
  title     = {Acta Universitatis Apulensis, Mathematics-Informatics, Special 
Issue, Proceedings of the International Conference on Theory and Applications 
of Mathematics and Informatics, ICTAMI 2009},
  publisher = {Aeternitas Publishing House},
  year      = {2009},
  month     = {September}
}

@article{ManualBib_SIAMJC:GroSah12,
  author    = {Jens Groth and
               Amit Sahai},
  title     = {Efficient Noninteractive Proof Systems for Bilinear Groups},
  journal   = {SIAM J. Comput.},
  volume    = {41},
  number    = {5},
  year      = {2012},
  pages     = {1193-1232},
  ee        = {http://dx.doi.org/10.1137/080725386},
  bibsource = {DBLP, http://dblp.uni-trier.de}
}


@article{TIT:DifHel76,
  author={Whitfield Diffie and Martin E. Hellman},
  title={New directions in cryptography},
  pages={644--654},
  year={1976},
  volume={22},
  number={6},
  journal={IEEE Transactions on Information Theory},
}

@article{DBLP:journals/iacr/Groth09,
  author    = {Jens Groth},
  title     = {Homomorphic Trapdoor Commitments to Group Elements},
  journal   = {IACR Cryptology ePrint Archive},
  volume    = {2009},
  year      = {2009},
  pages     = {7},
  ee        = {http://eprint.iacr.org/2009/007},
  bibsource = {DBLP, http://dblp.uni-trier.de}
}




@misc{fullversion,
    author = {G. Herold and J. Hesse and D. Hofheinz and C. R\`afols and A. Rupp},
    title = {Polynomial Spaces: A New Framework for Composite-to-Prime-Order Transformations},
    howpublished = {Cryptology ePrint Archive},
    year = {2014},
    note = {\url{http://eprint.iacr.org/}},
}


@inproceedings{SCN:BPV11,
  author    = {Olivier Blazy and
               David Pointcheval and
               Damien Vergnaud},
  title     = {Compact Round-Optimal Partially-Blind Signatures},
  booktitle = {Security and Cryptography for Networks - 8th International Conference,
               {SCN} 2012, Amalfi, Italy, September 5-7, 2012. Proceedings},
  year      = {2012},
  pages     = {95--112},
  crossref  = {DBLP:conf/scn/2012},
  url       = {http://dx.doi.org/10.1007/978-3-642-32928-9_6},
  doi       = {10.1007/978-3-642-32928-9_6},
  timestamp = {Sun, 28 Sep 2014 02:21:35 +0200},
  biburl    = {http://dblp.uni-trier.de/rec/bib/conf/scn/BlazyPV12},
  bibsource = {dblp computer science bibliography, http://dblp.org}
}

@proceedings{DBLP:conf/scn/2012,
  editor    = {Ivan Visconti and
               Roberto De Prisco},
  title     = {Security and Cryptography for Networks - 8th International Conference,
               {SCN} 2012, Amalfi, Italy, September 5-7, 2012. Proceedings},
  series    = {Lecture Notes in Computer Science},
  year      = {2012},
  volume    = {7485},
  publisher = {Springer},
  url       = {http://dx.doi.org/10.1007/978-3-642-32928-9},
  doi       = {10.1007/978-3-642-32928-9},
  isbn      = {978-3-642-32927-2},
  timestamp = {Sun, 28 Sep 2014 02:21:35 +0200},
  biburl    = {http://dblp.uni-trier.de/rec/bib/conf/scn/2012},
  bibsource = {dblp computer science bibliography, http://dblp.org}
}


 
 
@misc{ManualBib:MorRafVil15,
    author = {Paz Morillo and Carla R\`afols and Jorge L. Villar},
    title = {Matrix Computational Assumptions in Multilinear Groups},
    howpublished = {Cryptology ePrint Archive, Report 2015/353},
    year = {2015},
    note = {\url{http://eprint.iacr.org/}},
}



@article{ManualBib_DAM:GalPatSma08,
  author    = {S. D. Galbraith and K. G. Paterson and N. P. Smart.},
  title     = { Pairings for cryptographers},
  journal   = {Discrete Applied Mathematics},
  volume    = { 156(16)},
  year      = {2008},
  pages     = {3113–3121},
  ee        = {},
  bibsource = {}
}

@article{ManualBib_TCC:Rafols15,
  author    = {Carla R\'afols},
  title     = {Stretching Groth-Sahai: NIZK Proofs of Partial Satisfiability},
  journal   = {To appear in TCC 2015},
  volume    = {},
  year      = {},
  pages     = {},
  ee        = {},
  bibsource = {}
}

